<?xml version="1.0" encoding="UTF-8"?><collection xmlns="http://www.loc.gov/MARC21/slim"><record><leader>00410nam--2200121-i-4500</leader><controlfield tag="001">000003172</controlfield><controlfield tag="002">20161230</controlfield><controlfield tag="005">20161230201025</controlfield><controlfield tag="008">060222s1000------------r-----000-0-eng-d</controlfield><datafield ind1=" " ind2=" " tag="245"><subfield code="a">Atte del convegno sulle applicazioni della me dicina nucleare e sulla difesa civile contro l ofesa atomica... 1956</subfield></datafield><datafield ind1=" " ind2=" " tag="260"><subfield code="a">Roma, Dir. Min. Della Difesa, 1956. 115-384 P</subfield></datafield><datafield ind1=" " ind2=" " tag="490"><subfield code="a">Giornale Di Medicina Militare</subfield></datafield><datafield ind1=" " ind2=" " tag="852"><subfield code="a">12663</subfield></datafield></record></collection>